<?xml version="1.0" encoding="UTF-8"?><record xmlns="http://www.loc.gov/MARC21/slim" xmlns:cinclude="http://apache.org/cocoon/include/1.0" xmlns:zs="http://www.loc.gov/zing/srw/">
  <leader>00918cz  a2200217n  4500</leader>
  <controlfield tag="001">n  93122997 </controlfield>
  <controlfield tag="003">DLC</controlfield>
  <controlfield tag="005">20081112081908.0</controlfield>
  <controlfield tag="008">931221n| acannaabn          |b aaa      </controlfield>
  <datafield tag="010" ind1=" " ind2=" ">
    <subfield code="a">n  93122997 </subfield>
  </datafield>
  <datafield tag="035" ind1=" " ind2=" ">
    <subfield code="a">(OCoLC)oca03518140</subfield>
  </datafield>
  <datafield tag="040" ind1=" " ind2=" ">
    <subfield code="a">DLC</subfield>
    <subfield code="b">eng</subfield>
    <subfield code="c">DLC</subfield>
    <subfield code="d">DLC</subfield>
    <subfield code="d">OCoLC</subfield>
  </datafield>
  <datafield tag="100" ind1="1" ind2=" ">
    <subfield code="a">Moghissi, Haideh,</subfield>
    <subfield code="d">1944-</subfield>
  </datafield>
  <datafield tag="400" ind1="1" ind2=" ">
    <subfield code="a">Mughīs̲ī, Hāydah,</subfield>
    <subfield code="d">1944-</subfield>
  </datafield>
  <datafield tag="400" ind1="1" ind2=" ">
    <subfield code="a">Mughīthī, Hāydah,</subfield>
    <subfield code="d">1944-</subfield>
  </datafield>
  <datafield tag="400" ind1="1" ind2=" ">
    <subfield code="a">مغيثى، هايده</subfield>
  </datafield>
  <datafield tag="667" ind1=" " ind2=" ">
    <subfield code="a">Machine-derived non-Latin script reference project.</subfield>
  </datafield>
  <datafield tag="667" ind1=" " ind2=" ">
    <subfield code="a">Non-Latin script reference not evaluated.</subfield>
  </datafield>
  <datafield tag="670" ind1=" " ind2=" ">
    <subfield code="a">Populism and feminism in Iran, c1994:</subfield>
    <subfield code="b">CIP t.p. (Haideh Moghissi; adjunct assist. prof., Dpt. of Women's Studies, Queen's Univ., Kingston, Ont.)</subfield>
  </datafield>
  <datafield tag="670" ind1=" " ind2=" ">
    <subfield code="a">NLC 06-23-93</subfield>
    <subfield code="b">(Moghissi, Haideh, 1944- )</subfield>
  </datafield>
  <datafield tag="670" ind1=" " ind2=" ">
    <subfield code="a">Fimīnīsm-i pupūlīstī va fimīnīsm-i Islāmī, 1998:</subfield>
    <subfield code="b">t.p. (Hāydah Mughīs̲ī) added t.p. (Haideh Moghissi)</subfield>
  </datafield>
</record>